@PREAMBLE{
 "\providecommand{\noopsort}[1]{}" 
 # "\providecommand{\singleletter}[1]{#1}%" 
}

@article{saha1994unfolding,
  title={Unfolding kinematics from galaxy spectra: A Bayesian method},
  author={Saha, P and Williams, TB},
  journal={The Astronomical Journal, vol. 107, no. 4, p. 1295-1302},
  volume={107},
  pages={1295--1302},
  year={1994}
}

@article{christensen1998markov,
  title={Markov chain Monte Carlo methods for Bayesian gravitational radiation data analysis},
  author={Christensen, Nelson and Meyer, Renate},
  journal={Physical Review D},
  volume={58},
  number={8},
  pages={082001},
  year={1998},
  publisher={APS}
}

@article{christensen2001bayesian,
  title={Bayesian methods for cosmological parameter estimation from cosmic microwave background measurements},
  author={Christensen, Nelson and Meyer, Renate and Knox, Lloyd and Luey, Ben},
  journal={Classical and Quantum Gravity},
  volume={18},
  number={14},
  pages={2677},
  year={2001},
  publisher={IOP Publishing}
}

@article{knox2001age,
  title={The age of the universe and the cosmological constant determined from cosmic microwave background anisotropy measurements},
  author={Knox, Lloyd and Christensen, Nelson and Skordis, Constantinos},
  journal={The Astrophysical Journal},
  volume={563},
  number={2},
  pages={L95},
  year={2001},
  publisher={IOP Publishing}
}

@article{green1995reversible,
  title={Reversible jump Markov chain Monte Carlo computation and Bayesian model determination},
  author={Green, Peter J},
  journal={Biometrika},
  volume={82},
  number={4},
  pages={711--732},
  year={1995},
  publisher={Oxford University Press}
}

@article{umstatter2005bayesian,
  title={Bayesian modeling of source confusion in LISA data},
  author={Umst{\"a}tter, Richard and Christensen, Nelson and Hendry, Martin and Meyer, Renate and Simha, Vimal and Veitch, John and Vigeland, Sarah and Woan, Graham},
  journal={Physical Review D},
  volume={72},
  number={2},
  pages={022001},
  year={2005},
  publisher={APS}
}

@article{spiegelhalter2002bayesian,
  title={Bayesian measures of model complexity and fit},
  author={Spiegelhalter, David J and Best, Nicola G and Carlin, Bradley P and Van Der Linde, Angelika},
  journal={Journal of the royal statistical society: Series b (statistical methodology)},
  volume={64},
  number={4},
  pages={583--639},
  year={2002},
  publisher={Wiley Online Library}
}

@article{skilling2006nested,
  title={Nested Sampling for General Bayesian Computation},
  author={Skilling, John},
  journal={Bayesian Analysis},
  volume={1},
  number={4},
  pages={833--860},
  year={2006},
  publisher={Citeseer}
}

@article{veitch2010bayesian,
  title={Bayesian coherent analysis of in-spiral gravitational wave signals with a detector network},
  author={Veitch, John and Vecchio, Alberto},
  journal={Physical Review D},
  volume={81},
  number={6},
  pages={062003},
  year={2010},
  publisher={APS}
}

@article{gelman1998simulating,
  title={Simulating normalizing constants: From importance sampling to bridge sampling to path sampling},
  author={Gelman, Andrew and Meng, Xiao-Li},
  journal={Statistical science},
  pages={163--185},
  year={1998},
  publisher={JSTOR}
}

@article{lartillot2006computing,
  title={Computing Bayes factors using thermodynamic integration},
  author={Lartillot, Nicolas and Philippe, Herv{\'e}},
  journal={Systematic biology},
  volume={55},
  number={2},
  pages={195--207},
  year={2006},
  publisher={Oxford University Press}
}

@article{xie2011improving,
  title={Improving marginal likelihood estimation for Bayesian phylogenetic model selection},
  author={Xie, Wangang and Lewis, Paul O and Fan, Yu and Kuo, Lynn and Chen, Ming-Hui},
  journal={Systematic biology},
  volume={60},
  number={2},
  pages={150--160},
  year={2011},
  publisher={Oxford University Press}
}

@article{maturana2019stepping,
  title={Stepping-stone sampling algorithm for calculating the evidence of gravitational wave models},
  author={Maturana-Russel, Patricio and Meyer, Renate and Veitch, John and Christensen, Nelson},
  journal={Physical Review D},
  volume={99},
  number={8},
  pages={084006},
  year={2019},
  publisher={APS}
}

@article{rotiroti2022computing,
  title={Computing marginal likelihoods via the Fourier integral theorem and pointwise estimation of posterior densities},
  author={Rotiroti, Frank and Walker, Stephen G},
  journal={Statistics and Computing},
  volume={32},
  number={5},
  pages={67},
  year={2022},
  publisher={Springer}
}

@article{BoileauGuillaume2023PfLt,
author = {Boileau, Guillaume and Christensen, Nelson and Gowling, Chloe and Hindmarsh, Mark and Meyer, Renate},
address = {Ithaca},
copyright = {2023 IOP Publishing Ltd and Sissa Medialab},
issn = {1475-7516},
journal = {Journal of cosmology and astroparticle physics},
keywords = {Accuracy ; Amplitudes ; Background noise ; Bayesian reasoning ; cosmological phase transitions ; Gravitational waves ; gravitational waves / sources ; LISA (antenna) ; Markov chains ; Mathematical models ; Monte Carlo method ; Parameters ; Peak frequency ; Phase transitions ; Universe ; white and brown dwarfs ; White dwarf stars},
language = {eng},
number = {2},
pages = {56-},
publisher = {IOP Publishing},
title = {Prospects for LISA to detect a gravitational-wave background from first order phase transitions},
volume = {2023},
year = {2023},
}

@article{boileau2023prospects,
  title={Prospects for LISA to detect a gravitational-wave background from first order phase transitions},
  author={Boileau, Guillaume and Christensen, Nelson and Gowling, Chloe and Hindmarsh, Mark and Meyer, Renate},
  journal={Journal of Cosmology and Astroparticle Physics},
  volume={2023},
  number={02},
  pages={056},
  year={2023},
  publisher={IOP Publishing}
}

@article{chib1995marginal,
  title={Marginal likelihood from the Gibbs output},
  author={Chib, Siddhartha},
  journal={Journal of the american statistical association},
  volume={90},
  number={432},
  pages={1313--1321},
  year={1995},
  publisher={Taylor \& Francis}
}

@article{chib2001marginal,
  title={Marginal likelihood from the Metropolis--Hastings output},
  author={Chib, Siddhartha and Jeliazkov, Ivan},
  journal={Journal of the American statistical association},
  volume={96},
  number={453},
  pages={270--281},
  year={2001},
  publisher={Taylor \& Francis}
}

@article{raftery1995hypothesis,
  title={Hypothesis testing and model},
  author={Raftery, Adrian E and Gilks, W and Richardson, S and Spiegelhalter, D},
  journal={Markov chain Monte Carlo in practice},
  pages={165--187},
  year={1995},
  publisher={Chapman \& Hall London}
}

@book{pristley2005introduction,
language = {eng},
publisher = {Oxford University Press},
title = {Introduction to complex analysis  },
year = {2005 - 2003},
author = {Priestley, H. A.},
address = {Oxford, England},
booktitle = {Introduction to complex analysis},
edition = {Second edition.},
isbn = {0-19-103720-6},
keywords = {Mathematical analysis},
}

@article{nimbran2015taylor,
  title={Taylor series for arctan and BBP-type formulas for $\pi$},
  author={Nimbran, Amrik Singh},
  journal={Mathematics Student},
  volume={84},
  number={3-4},
  pages={39--52},
  year={2015}
}

@article{ho2021integral,
  title={On Integral Theorems and their Statistical Properties},
  author={Ho, Nhat and Walker, Stephen G},
  journal={arXiv preprint arXiv:2107.10947},
  year={2021}
}

@book{bhatia2005fourier,
  title={Fourier series},
  author={Bhatia, Rajendra},
  volume={5},
  year={2005},
  publisher={MAA}
}